@book{gibaldi_mla,
	title = {{MLA} handbook for writers of research papers},
	url = {http://stit.sirsi.net/uhtbin/cgisirsi/xi7n47HnpQ/SIRSI/285050010/9},
	author = {Joseph Gibaldi}
}

@book{rabinowitz_manual_2009,
	title = {The Manual of Scientific Style},
	url = {http://www.sciencedirect.com/science/article/B8KF1-4W4TCJ6-X/2/211bef9833e608c692bdbb545d808112},
	author = {Harold Rabinowitz  and Suzanne Vogel},
	year = {2009}
}